@Manual{R-base,
  title = {R: A Language and Environment for Statistical Computing},
  author = {{R Core Team}},
  organization = {R Foundation for Statistical Computing},
  address = {Vienna, Austria},
  year = {2018},
  url = {https://www.R-project.org/},
}
@Manual{R-bindrcpp,
  title = {bindrcpp: An 'Rcpp' Interface to Active Bindings},
  author = {Kirill Müller},
  year = {2018},
  note = {R package version 0.2.2},
  url = {https://CRAN.R-project.org/package=bindrcpp},
}
@Manual{R-dplyr,
  title = {dplyr: A Grammar of Data Manipulation},
  author = {Hadley Wickham and Romain François and Lionel Henry and Kirill Müller},
  year = {2018},
  note = {R package version 0.7.8},
  url = {https://CRAN.R-project.org/package=dplyr},
}
@Manual{R-forcats,
  title = {forcats: Tools for Working with Categorical Variables (Factors)},
  author = {Hadley Wickham},
  year = {2018},
  note = {R package version 0.3.0},
  url = {https://CRAN.R-project.org/package=forcats},
}
@Book{R-ggplot2,
  author = {Hadley Wickham},
  title = {ggplot2: Elegant Graphics for Data Analysis},
  publisher = {Springer-Verlag New York},
  year = {2016},
  isbn = {978-3-319-24277-4},
  url = {http://ggplot2.org},
}
@Manual{R-here,
  title = {here: A Simpler Way to Find Your Files},
  author = {Kirill Müller},
  year = {2017},
  note = {R package version 0.1},
  url = {https://CRAN.R-project.org/package=here},
}
@Manual{R-kableExtra,
  title = {kableExtra: Construct Complex Table with 'kable' and Pipe Syntax},
  author = {Hao Zhu},
  note = {http://haozhu233.github.io/kableExtra/, https://github.com/haozhu233/kableExtra},
}
@Manual{R-papaja,
  author = {Frederik Aust and Marius Barth},
  title = {{papaja}: {Create} {APA} manuscripts with {R Markdown}},
  year = {2018},
  note = {R package version 0.1.0.9842},
  url = {https://github.com/crsh/papaja},
}
@Manual{R-purrr,
  title = {purrr: Functional Programming Tools},
  author = {Lionel Henry and Hadley Wickham},
  year = {2018},
  note = {R package version 0.2.5},
  url = {https://CRAN.R-project.org/package=purrr},
}
@Manual{R-readr,
  title = {readr: Read Rectangular Text Data},
  author = {Hadley Wickham and Jim Hester and Romain Francois},
  year = {2018},
  note = {R package version 1.2.1},
  url = {https://CRAN.R-project.org/package=readr},
}
@Manual{R-rio,
  title = {rio: A Swiss-army knife for data file I/O},
  author = {Chung-hong Chan and Geoffrey CH Chan and Thomas J. Leeper and Jason Becker},
  year = {2018},
  note = {R package version 0.5.10},
}
@Manual{R-stringr,
  title = {stringr: Simple, Consistent Wrappers for Common String Operations},
  author = {Hadley Wickham},
  year = {2018},
  note = {R package version 1.3.1},
  url = {https://CRAN.R-project.org/package=stringr},
}
@Manual{R-tibble,
  title = {tibble: Simple Data Frames},
  author = {Kirill Müller and Hadley Wickham},
  year = {2018},
  note = {R package version 1.4.2},
  url = {https://CRAN.R-project.org/package=tibble},
}
@Manual{R-tidyr,
  title = {tidyr: Easily Tidy Data with 'spread()' and 'gather()' Functions},
  author = {Hadley Wickham and Lionel Henry},
  year = {2018},
  note = {R package version 0.8.2},
  url = {https://CRAN.R-project.org/package=tidyr},
}
@Manual{R-tidyverse,
  title = {tidyverse: Easily Install and Load the 'Tidyverse'},
  author = {Hadley Wickham},
  year = {2017},
  note = {R package version 1.2.1},
  url = {https://CRAN.R-project.org/package=tidyverse},
}

@article{williams2009discrimination,
  title={Discrimination and racial disparities in health: evidence and needed research},
  author={Williams, David R and Mohammed, Selina A},
  journal={Journal of behavioral medicine},
  volume={32},
  number={1},
  pages={20--47},
  year={2009},
  publisher={Springer}
}
@article{levine2016black,
  title={Black-white inequalities in mortality and life expectancy, 1933--1999: implications for healthy people 2010},
  author={Levine, Robert S and Foster, James E and Fullilove, Robert E and Fullilove, Mindy T and Briggs, Nathaniel C and Hull, Pamela C and Husaini, Baqar A and Hennekens, Charles H},
  journal={Public health reports},
  year={2016},
  publisher={SAGE PublicationsSage CA: Los Angeles, CA}
}
@article{chentsova2009understanding,
  title={Understanding depression across cultures},
  author={Chentsova-Dutton, Yulia E and Tsai, Jeanne L},
  journal={Handbook of depression},
  volume={2},
  pages={363--385},
  year={2009},
  publisher={Guilford Press New York, NY}
}
@article{borowsky2000risk,
  title={Who is at risk of nondetection of mental health problems in primary care?},
  author={Borowsky, Steven J and Rubenstein, Lisa V and Meredith, Lisa S and Camp, Patricia and Jackson-Triche, Maga and Wells, Kenneth B},
  journal={Journal of general internal medicine},
  volume={15},
  number={6},
  pages={381--388},
  year={2000},
  publisher={Springer}
}
@article{fiscella2002disparities,
  title={Disparities in health care by race, ethnicity, and language among the insured: findings from a national sample},
  author={Fiscella, Kevin and Franks, Peter and Doescher, Mark P and Saver, Barry G},
  journal={Medical care},
  pages={52--59},
  year={2002},
  publisher={JSTOR}
}
@article{miranda2004disparities,
  title={Disparities in care for depression among primary care patients},
  author={Miranda, Jeanne and Cooper, Lisa A},
  journal={Journal of General Internal Medicine},
  volume={19},
  number={2},
  pages={120--126},
  year={2004},
  publisher={Springer}
}
@web{who,
      title  = "Depression",
      author = "WHO",
      url    = "http://www.who.int/news-room/fact-sheets/detail/depression",
      year   = "2018 (accessed December 4, 2018)"
    }
